<?xml version="1.0" encoding="UTF-8"?><collection xmlns="http://www.loc.gov/MARC21/slim"><record><leader>00392nam--2200121-i-4500</leader><controlfield tag="001">000046076</controlfield><controlfield tag="002">20161230</controlfield><controlfield tag="005">20161230201045</controlfield><controlfield tag="008">060222s1000------------r-----000-0-eng-d</controlfield><datafield ind1=" " ind2=" " tag="100"><subfield code="a">Dijk, Marcel Van</subfield></datafield><datafield ind1=" " ind2=" " tag="245"><subfield code="a">Enregistrement et recherche de l`information documentaire. methode. moyens. couts. guide pour le choix d`un equipement</subfield></datafield><datafield ind1=" " ind2=" " tag="260"><subfield code="a">Bruxelles, Presses Univ., 1964, 163p</subfield></datafield><datafield ind1=" " ind2=" " tag="852"><subfield code="a">20391</subfield></datafield></record></collection>